% Encoding: UTF-8

@Misc{gist,
  author = {Reizinger, Patrik},
  title  = {Python Példaprogramok},
  url    = {https://gist.github.com/rpatrik96},
}

@Misc{smart1,
  author = {Reizinger, Patrik},
  title  = {Python under the hood — tips and tricks from a C++-programmers’ perspective (Part I)},
  url    = {https://medium.com/@SmartLabAI/python-under-the-hood-tips-and-tricks-from-a-c-programmers-perspective-01-b5f96895663},
}

@Misc{smart2,
  author = {Reizinger, Patrik},
  title  = {Python under the hood — tips and tricks from a C++-programmers’ perspective (Part II)},
  url    = {https://medium.com/@SmartLabAI/b52675c7c0af},
}

@Misc{pycharm,
  title = {PyCharm Quick Start Guide},
  url   = {https://www.jetbrains.com/help/pycharm/quick-start-guide.html},
}

@Misc{conda,
  title = {Anaconda},
  url   = {https://www.anaconda.com/},
}

@Misc{torchDoc,
  title = {PyTorch Documentation},
  url   = {https://pytorch.org/docs/stable/index.html},
}

@Misc{torchTut,
  title = {PyTorch Tutorials},
  url   = {https://pytorch.org/tutorials/index.html},
}

@Misc{opencv,
  title = {OpenCV Documentation},
  url   = {https://docs.opencv.org/4.1.1/},
}

@Book{szgl,
  title     = {Számítógépes Látórendszerek},
  publisher = {BME},
  year      = {2019},
  author    = {Szemenyei, Márton},
  editor    = {Szemenyei, Márton},
  url       = {http://deeplearning.iit.bme.hu/jegyzetFull.pdf},
}

@Article{effnet,
  author       = {Mingxing Tan and Quoc V. Le},
  title        = {EfficientNet: Rethinking Model Scaling for Convolutional Neural Networks},
  date         = {2019-05-28},
  eprint       = {1905.11946v4},
  eprintclass  = {cs.LG},
  eprinttype   = {arXiv},
  file         = {:http\://arxiv.org/pdf/1905.11946v4:PDF},
  journaltitle = {International Conference on Machine Learning, 2019},
  keywords     = {cs.LG, cs.CV, stat.ML},
}

@Article{nas,
  author       = {Mingxing Tan and Bo Chen and Ruoming Pang and Vijay Vasudevan and Mark Sandler and Andrew Howard and Quoc V. Le},
  title        = {MnasNet: Platform-Aware Neural Architecture Search for Mobile},
  date         = {2018-07-31},
  eprint       = {1807.11626v3},
  eprintclass  = {cs.CV},
  eprinttype   = {arXiv},
  file         = {:http\://arxiv.org/pdf/1807.11626v3:PDF},
  journaltitle = {CVPR 2019},
  keywords     = {cs.CV, cs.LG},
}

@Comment{jabref-meta: databaseType:bibtex;}
